<?xml version="1.0" encoding="UTF-8"?><collection xmlns="http://www.loc.gov/MARC21/slim"><record><leader>00526nam--2200157-i-4500</leader><controlfield tag="001">000040238</controlfield><controlfield tag="002">20161230</controlfield><controlfield tag="005">20170116003641</controlfield><controlfield tag="008">060222s1000------------r-----000-0-eng-d</controlfield><datafield ind1=" " ind2=" " tag="100"><subfield code="a">Sandell, E.B</subfield></datafield><datafield ind1=" " ind2=" " tag="245"><subfield code="a">Colorimetric determinatiion of traces of metals. Third editiion revised and enlarged</subfield></datafield><datafield ind1=" " ind2=" " tag="260"><subfield code="a">New York</subfield><subfield code="b">Interscience Publ.Inc</subfield><subfield code="c">1959</subfield></datafield><datafield ind1=" " ind2=" " tag="300"><subfield code="a">XXII + 1032 p</subfield></datafield><datafield ind1=" " ind2=" " tag="490"><subfield code="a">Chemical Analysis. A Series On Monographs On Analytical Chemistry And Its Applications</subfield></datafield><datafield ind1=" " ind2=" " tag="852"><subfield code="a">13701</subfield></datafield><datafield ind1=" " ind2=" " tag="CAT"><subfield code="a">SYS</subfield><subfield code="c">20170116</subfield><subfield code="h">003641</subfield></datafield></record></collection>